@misc{davis2017,
  title = {The 2017 DAVIS Challenge on Video Object Segmentation},
  author = {Pont-Tuset, Jordi and Perazzi, Federico and Caelles, Sergi and
            Arbel√°ez, Pablo and Sorkine-Hornung, Alexander and Van Gool, Luc},
  year = {2017},
  note = {Available at: \url{https://davischallenge.org/davis2017/code.html}},
}

@inproceedings{div2k,
  title = {NTIRE 2017 Challenge on Single Image Super-Resolution: Dataset and
           Study},
  author = {Agustsson, Eirikur and Timofte, Radu},
  booktitle = {Proceedings of the IEEE Conference on Computer Vision and Pattern
               Recognition Workshops},
  pages = {126--135},
  year = {2017},
  note = {Available at: \url{https://data.vision.ee.ethz.ch/cvl/DIV2K/}},
}

@misc{unsplash,
  title = {Unsplash Dataset},
  author = {Unsplash},
  year = {2023},
  note = {Available at: \url{https://github.com/unsplash/datasets}},
}

@article{xu2010ascii,
  title = {Structure-based ASCII art},
  author = {Xu, Xuemiao and Zhang, Linling and Wong, Tien-Tsin},
  journal = {ACM Transactions on Graphics},
  volume = {29},
  number = {4},
  pages = {1--9},
  year = {2010},
  publisher = {ACM},
  note = {Available at: \url{https://dl.acm.org/doi/10.1145/1833349.1778789}},
}
